@article{beazley2003automated,
  title =        {Automated scientific software scripting with SWIG},
  author =       {Beazley, David M},
  journal =      {Future Generation Computer Systems},
  volume =       19,
  number =       5,
  pages =        {599--609},
  year =         2003,
  publisher =    {Elsevier}
}

@INPROCEEDINGS{2004AAS...20510811A,
   author = {{Axelrod}, T. and others},
    title = "{The LSST Data Processing Pipeline}",
booktitle = {AAS Meeting Abstracts},
     year = 2004,
   series = {BAAS},
   volume = 36,
    month = dec,
      eid = {108.11},
    pages = {1529},
   adsurl = {http://adsabs.harvard.edu/abs/2004AAS...20510811A},
  adsnote = {Provided by the SAO/NASA Astrophysics Data System}
}

@INPROCEEDINGS{2004SPIE.5489..705C,
   author = {{Claver}, C.~F. and others},
    title = "{Project status of the 8.4-m LSST}",
booktitle = {Ground-based Telescopes},
     year = 2004,
   series = {\procspie},
   volume = 5489,
   editor = {{Oschmann}, Jr., J.~M.},
    month = oct,
    pages = {705-716},
      doi = {10.1117/12.561728},
   adsurl = {http://adsabs.harvard.edu/abs/2004SPIE.5489..705C},
  adsnote = {Provided by the SAO/NASA Astrophysics Data System}
}

@ARTICLE{2008arXiv0805.2366I,
  author =       {{Ivezic}, Z. and others},
  title =        "{LSST: from Science Drivers to Reference Design and
                  Anticipated Data Products}",
  journal =      {ArXiv e-prints},
  archivePrefix ="arXiv",
  eprint =       {arXiv:0805.2366},
  keywords =     {Astrophysics},
  year =         2008,
  month =        may,
  adsurl =       {http://adsabs.harvard.edu/abs/2008arXiv0805.2366I},
  adsnote =      {Provided by the SAO/NASA Astrophysics Data System}
}

@ARTICLE{2009arXiv0912.0201L,
  author =       {{LSST Science Collaboration}},
  title =        "{LSST Science Book, Version 2.0}",
  journal =      {ArXiv e-prints},
  archivePrefix ="arXiv",
  eprint =       {arXiv:0912.0201},
  primaryClass = "astro-ph.IM",
  keywords =     {Astrophysics - Instrumentation and Methods for
                  Astrophysics, Astrophysics - Cosmology and
                  Extragalactic Astrophysics, Astrophysics - Earth and
                  Planetary Astrophysics, Astrophysics - Galaxy
                  Astrophysics, Astrophysics - Solar and Stellar
                  Astrophysics},
  year =         2009,
  month =        dec,
  adsurl =       {http://adsabs.harvard.edu/abs/2009arXiv0912.0201L},
  adsnote =      {Provided by the SAO/NASA Astrophysics Data System}
}

@INPROCEEDINGS{2010SPIE.7740E..15A,
  author =       {{Axelrod}, T. and {Kantor}, J. and {Lupton},
                  R.~H. and {Pierfederici}, F.  },
  title =        "{An open source application framework for
                  astronomical imaging pipelines}",
  booktitle =    {Software and Cyberinfrastructure for Astronomy},
  year =         2010,
  series =       {Proc.\ SPIE},
  editor =       {Nicole M. Radziwill and Alan Bridger},
  volume =       7740,
  month =        jul,
  eid =          774015,
  pages =        15,
  doi =          {10.1117/12.857297},
  adsurl =       {http://adsabs.harvard.edu/abs/2010SPIE.7740E..15A},
  adsnote =      {Provided by the SAO/NASA Astrophysics Data System}
}

@inproceedings{Wang:2011:QDS:2063348.2063364,
  author =       {Wang, Daniel L. and Monkewitz, Serge M. and Lim,
                  Kian-Tat and Becla, Jacek},
  title =        {Qserv: A Distributed Shared-nothing Database for the
                  LSST Catalog},
  booktitle =    {State of the Practice Reports},
  series =       {SC '11},
  year =         2011,
  isbn =         {978-1-4503-1139-7},
  location =     {Seattle, Washington},
  pages =        {12:1--12:11},
  articleno =    12,
  numpages =     11,
  url =          {http://dx.doi.org/10.1145/2063348.2063364},
  doi =          {10.1145/2063348.2063364},
  acmid =        2063364,
  publisher =    {ACM},
  keywords =     {MPP, database, distributed, file system, parallel,
                  shared-nothing},
}

@ARTICLE{2013A&A...558A..33A,
   author = {{Astropy Collaboration}},
    title = "{Astropy: A community Python package for astronomy}",
  journal = {\aap},
 primaryClass = "astro-ph.IM",
 keywords = {methods: data analysis, methods: miscellaneous, virtual observatory tools},
     year = 2013,
    month = oct,
   volume = 558,
      eid = {A33},
    pages = {A33},
      doi = {10.1051/0004-6361/201322068},
   adsurl = {http://adsabs.harvard.edu/abs/2013A%26A...558A..33A},
  adsnote = {Provided by the SAO/NASA Astrophysics Data System}
}

@INPROCEEDINGS{P056_adassxxv,
   author = {{Jenness}, T.},
    title = "{The LSST Data Processing Software Stack: Summer 2015 Release}",
booktitle = "ADASS XXV",
   editor = "Lorente, N.~P.~F.",
   series = "ASP Conf.\ Ser.",
   volume = "TBD",
    pages = "TBD",
   eprint = {arXiv:1511.06790},
 primaryClass = "astro-ph.IM",
 keywords = {Astrophysics - Instrumentation and Methods for Astrophysics},
     year = 2016,
    month = nov,
   adsurl = {http://adsabs.harvard.edu/abs/2015arXiv151106790J},
  adsnote = {Provided by the SAO/NASA Astrophysics Data System}
}

@INPROCEEDINGS{P6-12_adassxxvi,
   author = {{Jenness}, T.},
    title = "{Porting the LSST Data Management Pipeline Software to Python 3}",
booktitle = "ADASS XXVI",
   editor = "Pasian, F.",
   series = "ASP Conf.\ Ser.",
   volume = "TBD",
    pages = "TBD",
   eprint = {arXiv:1611.00751},
 primaryClass = "astro-ph.IM",
 keywords = {Astrophysics - Instrumentation and Methods for Astrophysics},
     year = 2017,
    month = nov,
   adsurl = {http://adsabs.harvard.edu/abs/2016arXiv161100751J},
  adsnote = {Provided by the SAO/NASA Astrophysics Data System}
}

@INPROCEEDINGS{O3-1_adassxxv,
   author = {{Juri{\'c}}, M. and others},
    title = "{The LSST Data Management System}",
booktitle = "ADASS XXV",
   editor = "Lorente, N.~P.~F.",
   series = "ASP Conf.\ Ser.",
   volume = "TBD",
    pages = "TBD",
archivePrefix = "arXiv",
   eprint = {arXiv:1512.07914},
 primaryClass = "astro-ph.IM",
 keywords = {Astrophysics - Instrumentation and Methods for Astrophysics},
     year = 2016,
    month = dec,
   adsurl = {http://adsabs.harvard.edu/abs/2015arXiv151207914J},
  adsnote = {Provided by the SAO/NASA Astrophysics Data System}
}

% Optional fields: author, title, howpublished, month, year, note
@MISC{APE10,
   author = {T. Robitaille},
    title = "{Roadmap for Python 3-only support}",
     year = 2016,
howpublished = "{APE-10}",
}

% Optional fields: author, title, howpublished, month, year, note
@MISC{SQR-014,
   author = {T. Jenness},
    title = "{Porting the LSST DM Stack to Python 3}",
howpublished = "{LSST DM Tech Note \href{https://sqr-014.lsst.io}{SQR-014}}",
     year = 2016,
}

@inproceedings{doi:10.1117/12.2231313,
   author = {Jenness, Timothy and others},
    title = "{Investigating interoperability of the LSST data management software stack with Astropy}",
   series = {\procspie},
   booktitle = "Software and Cyberinfrastructure for Astronomy III",
   editor = "Gianluca Chiozzi and Juan C. Guzman",
   volume = {9913},
    pages = {99130G},
     year = {2016},
      doi = {10.1117/12.2231313},
}

@INPROCEEDINGS{2016SPIE.9906E..5CM,
   author = {{Mills}, D. and {Schumacher}, G. and {Lotz}, P.},
    title = "{LSST communications middleware implementation}",
booktitle = {Ground-based and Airborne Telescopes VI},
     year = 2016,
   series = {Proc.\ SPIE},
   volume = 9906,
    month = jul,
      eid = {99065C},
    pages = {99065C},
      doi = {10.1117/12.2233099},
   adsurl = {http://adsabs.harvard.edu/abs/2016SPIE.9906E..5CM},
  adsnote = {Provided by the SAO/NASA Astrophysics Data System}
}

@INPROCEEDINGS{2016SPIE.9911E..25R,
   author = {{Reuter}, M.~A. and {Cook}, K.~H. and {Delgado}, F. and {Petry}, C.~E. and
	{Ridgway}, S.~T.},
    title = "{Simulating the LSST OCS for conducting survey simulations using the LSST scheduler}",
booktitle = {Modeling, Systems Engineering, and Project Management for Astronomy VI},
     year = 2016,
   series = {Proc.\ SPIE},
   volume = 9911,
    month = aug,
      eid = {991125},
    pages = {991125},
      doi = {10.1117/12.2232680},
   adsurl = {http://adsabs.harvard.edu/abs/2016SPIE.9911E..25R},
  adsnote = {Provided by the SAO/NASA Astrophysics Data System}
}

@INPROCEEDINGS{2016SPIE.9910E..13D,
   author = {{Delgado}, F. and {Reuter}, M.~A.},
    title = "{The LSST Scheduler from design to construction}",
booktitle = {Observatory Operations: Strategies, Processes, and Systems VI},
     year = 2016,
   series = {Proc.\ SPIE},
   volume = 9910,
    month = jul,
      eid = {991013},
    pages = {991013},
      doi = {10.1117/12.2233630},
   adsurl = {http://adsabs.harvard.edu/abs/2016SPIE.9910E..13D},
  adsnote = {Provided by the SAO/NASA Astrophysics Data System}
}

@INPROCEEDINGS{2014SPIE.9150E..14C,
   author = {{Connolly}, A.~J. and others},
    title = "{An end-to-end simulation framework for the Large Synoptic Survey Telescope}",
booktitle = {Modeling, Systems Engineering, and Project Management for Astronomy VI},
     year = 2014,
   series = {Proc.\ SPIE},
   volume = 9150,
    month = aug,
      eid = {915014},
    pages = {915014},
      doi = {10.1117/12.2054953},
   adsurl = {http://adsabs.harvard.edu/abs/2014SPIE.9150E..14C},
  adsnote = {Provided by the SAO/NASA Astrophysics Data System}
}

@INPROCEEDINGS{2016SPIE.9906E..3BT,
   author = {{Thomas}, S.~J. and {Chandrasekharan}, S. and {Lotz}, P. and
	{Xin}, B. and {Claver}, C. and {Angeli}, G. and {Sebag}, J. and
	{Dubois-Felsmann}, G.~P.},
    title = "{LSST active optics system software architecture}",
booktitle = {Ground-based and Airborne Telescopes VI},
     year = 2016,
   series = {Proc.\ SPIE},
   volume = 9906,
    month = aug,
      eid = {99063B},
    pages = {99063B},
      doi = {10.1117/12.2231798},
   adsurl = {http://adsabs.harvard.edu/abs/2016SPIE.9906E..3BT},
  adsnote = {Provided by the SAO/NASA Astrophysics Data System}
}

@ARTICLE{2016A&C....15...33B,
   author = {{Berry}, D.~S. and {Warren-Smith}, R.~F. and {Jenness}, T.},
    title = "{AST: A library for modelling and manipulating coordinate systems}",
  journal = {Astronomy and Computing},
archivePrefix = "arXiv",
   eprint = {1602.06681},
 primaryClass = "astro-ph.IM",
 keywords = {World Coordinate Systems, Data models, Starlink},
     year = 2016,
    month = apr,
   volume = 15,
    pages = {33-49},
      doi = {10.1016/j.ascom.2016.02.003},
   adsurl = {http://adsabs.harvard.edu/abs/2016A%26C....15...33B},
  adsnote = {Provided by the SAO/NASA Astrophysics Data System}
}
